<?xml version="1.0" encoding="UTF-8"?><record xmlns="http://www.loc.gov/MARC21/slim" xmlns:cinclude="http://apache.org/cocoon/include/1.0" xmlns:zs="http://www.loc.gov/zing/srw/">
  <leader>00749nz  a2200157n  4500</leader>
  <controlfield tag="001">no 97005309 </controlfield>
  <controlfield tag="003">DLC</controlfield>
  <controlfield tag="005">19970128053212.0</controlfield>
  <controlfield tag="008">970127n| acannaab|          |a ana      </controlfield>
  <datafield tag="010" ind1=" " ind2=" ">
    <subfield code="a">no 97005309 </subfield>
  </datafield>
  <datafield tag="035" ind1=" " ind2=" ">
    <subfield code="a">(OCoLC)oca04256383 </subfield>
  </datafield>
  <datafield tag="040" ind1=" " ind2=" ">
    <subfield code="a">DLC-S</subfield>
    <subfield code="c">DLC-S</subfield>
  </datafield>
  <datafield tag="110" ind1="1" ind2="0">
    <subfield code="a">Namibia.</subfield>
    <subfield code="b">Directorate of Social Security</subfield>
  </datafield>
  <datafield tag="410" ind1="1" ind2="0">
    <subfield code="a">Namibia.</subfield>
    <subfield code="b">Social Security, Directorate of</subfield>
  </datafield>
  <datafield tag="410" ind1="1" ind2="0">
    <subfield code="a">Namibia.</subfield>
    <subfield code="b">Ministry of Labour and Manpower Development.</subfield>
    <subfield code="b">Directorate of Social Security</subfield>
  </datafield>
  <datafield tag="670" ind1=" " ind2=" ">
    <subfield code="a">Namibia. Office of the Workmen's Compensation Commissioner. Annual report of the Workmen's Compensation Commissioner for the year ending ... 29 Feb. 1992:</subfield>
    <subfield code="b">t.p. (Republic of Namibia) p. 1 (Directorate of Social Security of the Ministry of Labour and Manpower Development)</subfield>
  </datafield>
</record>